@article{Cooper_2013,
	Author = {Cooper, Brian F.},
	Date-Added = {2020-01-06 15:19:47 -0800},
	Date-Modified = {2020-01-06 15:19:47 -0800},
	Doi = {10.1145/2485732.2485756},
	Isbn = {9781450321167},
	Journal = {Proceedings of the 6th International Systems and Storage Conference on - SYSTOR '13},
	Publisher = {ACM Press},
	Title = {Spanner},
	Url = {http://dx.doi.org/10.1145/2485732.2485756},
	Year = {2013},
	Bdsk-Url-1 = {http://dx.doi.org/10.1145/2485732.2485756}}

@book{gray1992transaction,
  title={Transaction processing: concepts and techniques},
  author={Gray, Jim and Reuter, Andreas},
  year={1992},
  publisher={Elsevier}
}

@inproceedings{ongaro2014search,
  title={In search of an understandable consensus algorithm},
  author={Ongaro, Diego and Ousterhout, John},
  booktitle={2014 $\{$USENIX$\}$ Annual Technical Conference ($\{$USENIX$\}$$\{$ATC$\}$ 14)},
  pages={305--319},
  year={2014}
}

@inproceedings{helland2007life,
  title={Life beyond Distributed Transactions: an Apostate's Opinion.},
  author={Helland, Pat},
  booktitle={CIDR},
  volume={2007},
  pages={132--141},
  year={2007}
}

@article{gilbert2002brewer,
  title={Brewer's conjecture and the feasibility of consistent, available, partition-tolerant web services},
  author={Gilbert, Seth and Lynch, Nancy},
  journal={Acm Sigact News},
  volume={33},
  number={2},
  pages={51--59},
  year={2002},
  publisher={ACM}
}

@inproceedings{beaver2010finding,
  title={Finding a Needle in Haystack: Facebook's Photo Storage.},
  author={Beaver, Doug and Kumar, Sanjeev and Li, Harry C and Sobel, Jason and Vajgel, Peter and others},
  booktitle={OSDI},
  volume={10},
  number={2010},
  pages={1--8},
  year={2010}
}

@inproceedings{weil2006ceph,
  title={Ceph: A scalable, high-performance distributed file system},
  author={Weil, Sage A and Brandt, Scott A and Miller, Ethan L and Long, Darrell DE and Maltzahn, Carlos},
  booktitle={Proceedings of the 7th symposium on Operating systems design and implementation},
  pages={307--320},
  year={2006}
}

@inproceedings{ghemawat2003google,
  title={The Google file system},
  author={Ghemawat, Sanjay and Gobioff, Howard and Leung, Shun-Tak},
  booktitle={Proceedings of the nineteenth ACM symposium on Operating systems principles},
  pages={29--43},
  year={2003}
}

@inproceedings{shvachko2010hadoop,
  title={The hadoop distributed file system},
  author={Shvachko, Konstantin and Kuang, Hairong and Radia, Sanjay and Chansler, Robert},
  booktitle={2010 IEEE 26th symposium on mass storage systems and technologies (MSST)},
  pages={1--10},
  year={2010},
  organization={Ieee}
}

@inproceedings{weil2006crush,
  title={CRUSH: Controlled, scalable, decentralized placement of replicated data},
  author={Weil, Sage A and Brandt, Scott A and Miller, Ethan L and Maltzahn, Carlos},
  booktitle={SC'06: Proceedings of the 2006 ACM/IEEE Conference on Supercomputing},
  pages={31--31},
  year={2006},
  organization={IEEE}
}

@article{cao2018polarfs,
  title={PolarFS: an ultra-low latency and failure resilient distributed file system for shared storage cloud database},
  author={Cao, Wei and Liu, Zhenjun and Wang, Peng and Chen, Sen and Zhu, Caifeng and Zheng, Song and Wang, Yuhui and Ma, Guoqing},
  journal={Proceedings of the VLDB Endowment},
  volume={11},
  number={12},
  pages={1849--1862},
  year={2018},
  publisher={VLDB Endowment}
}

@article{rosenblum1992design,
  title={The design and implementation of a log-structured file system},
  author={Rosenblum, Mendel and Ousterhout, John K},
  journal={ACM Transactions on Computer Systems (TOCS)},
  volume={10},
  number={1},
  pages={26--52},
  year={1992},
  publisher={ACM New York, NY, USA}
}

@article{gafni2003disk,
  title={Disk paxos},
  author={Gafni, Eli and Lamport, Leslie},
  journal={Distributed Computing},
  volume={16},
  number={1},
  pages={1--20},
  year={2003},
  publisher={Springer}
}

@inproceedings{lampson1996build,
  title={How to build a highly available system using consensus},
  author={Lampson, Butler W},
  booktitle={International Workshop on Distributed Algorithms},
  pages={1--17},
  year={1996},
  organization={Springer}
}

@article{bailis2013highly,
  title={Highly available transactions: virtues and limitations (extended version)},
  author={Bailis, Peter and Davidson, Aaron and Fekete, Alan and Ghodsi, Ali and Hellerstein, Joseph M and Stoica, Ion},
  journal={arXiv preprint arXiv:1302.0309},
  year={2013}
}

@article{herlihy1990linearizability,
  title={Linearizability: A correctness condition for concurrent objects},
  author={Herlihy, Maurice P and Wing, Jeannette M},
  journal={ACM Transactions on Programming Languages and Systems (TOPLAS)},
  volume={12},
  number={3},
  pages={463--492},
  year={1990},
  publisher={ACM New York, NY, USA}
}

@book{herlihy2011art,
  title={The art of multiprocessor programming},
  author={Herlihy, Maurice and Shavit, Nir},
  year={2011},
  publisher={Morgan Kaufmann}
}

@phdthesis{ongaro2014consensus,
  title={Consensus: Bridging theory and practice},
  author={Ongaro, Diego},
  year={2014},
  school={Stanford University}
}

@inproceedings{verbitski2017amazon,
  title={Amazon aurora: Design considerations for high throughput cloud-native relational databases},
  author={Verbitski, Alexandre and Gupta, Anurag and Saha, Debanjan and Brahmadesam, Murali and Gupta, Kamal and Mittal, Raman and Krishnamurthy, Sailesh and Maurice, Sandor and Kharatishvili, Tengiz and Bao, Xiaofeng},
  booktitle={Proceedings of the 2017 ACM International Conference on Management of Data},
  pages={1041--1052},
  year={2017}
}

@article{peng2010large,
  title={Large-scale incremental processing using distributed transactions and notifications},
  author={Peng, Daniel and Dabek, Frank},
  year={2010}
}

@article{plank2013erasure,
  title={Erasure codes for storage systems: A brief primer},
  author={Plank, James S},
  journal={; login:: the magazine of USENIX \& SAGE},
  volume={38},
  number={6},
  pages={44--50},
  year={2013},
  publisher={USENIX Association}
}

@book{sippu2015transaction,
  title={Transaction processing: Management of the logical database and its underlying physical structure},
  author={Sippu, Seppo and Soisalon-Soininen, Eljas},
  year={2015},
  publisher={Springer}
}

@inproceedings{verbitski2018amazon,
  title={Amazon aurora: On avoiding distributed consensus for i/os, commits, and membership changes},
  author={Verbitski, Alexandre and Gupta, Anurag and Saha, Debanjan and Corey, James and Gupta, Kamal and Brahmadesam, Murali and Mittal, Raman and Krishnamurthy, Sailesh and Maurice, Sandor and Kharatishvilli, Tengiz and others},
  booktitle={Proceedings of the 2018 International Conference on Management of Data},
  pages={789--796},
  year={2018}
}